@online{1,
  author = {Lufthansa Systems},
  title = {{Ãœber uns}},
  url = "https://www.lhsystems.de/about-us/uber-uns"
}

@online{2,
  author = {IHK Darmstadt},
  title = {{Die Projektarbeit in den IT-Berufen}},
  url = "https://www.darmstadt.ihk.de/produktmarken/aus-und-weiterbildung-channel/pruefungen/downloads/muther/it-hinweise-projektarbeit-2551050"
}